@article{borguesan2015apl,
  title={APL: An angle probability list to improve knowledge-based metaheuristics for the three-dimensional protein structure prediction},
  author={Borguesan, Bruno and e Silva, Mariel Barbachan and Grisci, Bruno and Inostroza-Ponta, Mario and Dorn, M{\'a}rcio},
  journal={Computational biology and chemistry},
  volume={59},
  pages={142--157},
  year={2015},
  publisher={Elsevier}
}

@article{wang2016protein,
  title={Protein secondary structure prediction using deep convolutional neural fields},
  author={Wang, Sheng and Peng, Jian and Ma, Jianzhu and Xu, Jinbo},
  journal={Scientific reports},
  volume={6},
  pages={18962},
  year={2016},
  publisher={Nature Publishing Group}
}

@article{pollastri2002improving,
  title={Improving the prediction of protein secondary structure in three and eight classes using recurrent neural networks and profiles},
  author={Pollastri, Gianluca and Przybylski, Darisz and Rost, Burkhard and Baldi, Pierre},
  journal={Proteins: Structure, Function, and Bioinformatics},
  volume={47},
  number={2},
  pages={228--235},
  year={2002},
  publisher={Wiley Online Library}
}

@article{jiang2017protein,
  title={Protein secondary structure prediction: A survey of the state of the art},
  author={Jiang, Qian and Jin, Xin and Lee, Shin-Jye and Yao, Shaowen},
  journal={Journal of Molecular Graphics and Modelling},
  volume={76},
  pages={379--402},
  year={2017},
  publisher={Elsevier}
}

@article{meng2016computational,
  title={Computational Prediction of Protein Secondary Structure from Sequence},
  author={Meng, Fanchi and Kurgan, Lukasz},
  journal={Current protocols in protein science},
  volume={86},
  number={1},
  pages={2--3},
  year={2016},
  publisher={Wiley Online Library}
}

@article{kathuria2018predicting,
  title={Predicting the protein structure using random forest approach},
  author={Kathuria, Charu and Mehrotra, Deepti and Misra, Navnit Kumar},
  journal={Procedia Computer Science},
  volume={132},
  pages={1654--1662},
  year={2018},
  publisher={Elsevier}
}

@article{baldi1999exploiting,
  title={Exploiting the past and the future in protein secondary structure prediction},
  author={Baldi, Pierre and Brunak, S{\o}ren and Frasconi, Paolo and Soda, Giovanni and Pollastri, Gianluca},
  journal={Bioinformatics},
  volume={15},
  number={11},
  pages={937--946},
  year={1999},
  publisher={Oxford University Press}
}

@article{kim2018dihedral,
  title={Dihedral angle prediction using generative adversarial networks},
  author={Kim, Hyeongki},
  journal={arXiv preprint arXiv:1803.10996},
  year={2018}
}

@article{mcguffin2000psipred,
  title={The PSIPRED protein structure prediction server},
  author={McGuffin, Liam J and Bryson, Kevin and Jones, David T},
  journal={Bioinformatics},
  volume={16},
  number={4},
  pages={404--405},
  year={2000},
  publisher={Oxford University Press}
}

@article{moult1999critical,
  title={Critical assessment of methods of protein structure prediction (CASP): round III},
  author={Moult, John and Hubbard, Tim and Fidelis, Krzysztof and Pedersen, Jan T},
  journal={Proteins: Structure, Function, and Bioinformatics},
  volume={37},
  number={S3},
  pages={2--6},
  year={1999},
  publisher={Wiley Online Library}
}

@article{berger1998protein,
  title={Protein folding in the hydrophobic-hydrophilic (HP) model is NP-complete},
  author={Berger, Bonnie and Leighton, Tom},
  journal={Journal of Computational Biology},
  volume={5},
  number={1},
  pages={27--40},
  year={1998}
}

@inproceedings{hoque2007protein,
  title={Protein folding prediction in 3D FCC HP lattice model using genetic algorithm},
  author={Hoque, Md Tamjidul and Chetty, Madhu and Sattar, Abdul},
  booktitle={Evolutionary Computation, 2007. CEC 2007. IEEE Congress on},
  pages={4138--4145},
  year={2007},
  organization={IEEE},
  address={Singapore}
}

@article{agarwala1997local,
  title={Local rules for protein folding on a triangular lattice and generalized hydrophobicity in the HP model},
  author={Agarwala, Richa and Batzoglou, Serafim and Dan{\v{c}}ik, Vlado and Decatur, Scott E and Hannenhalli, Sridhar and Farach, Martin and Muthukrishnan, S and Skiena, Steven},
  journal={Journal of Computational Biology},
  volume={4},
  number={3},
  pages={275--296},
  year={1997}
}

@article{hart1997robust,
  title={Robust proofs of NP-hardness for protein folding: general lattices and energy potentials},
  author={Hart, William E and Istrail, Sorin},
  journal={Journal of Computational Biology},
  volume={4},
  number={1},
  pages={1--22},
  year={1997}
}

@article{kim2016three,
  title={Three-dimensional off-lattice AB model protein with the 89-residue Fibonacci sequence},
  author={Kim, Seung-Yeon},
  journal={Chaos, Solitons \& Fractals},
  volume={90},
  pages={111--117},
  year={2016},
  publisher={Elsevier}
}

@article{salomon2013overview,
  title={An overview of the Amber biomolecular simulation package},
  author={Salomon-Ferrer, Romelia and Case, David A and Walker, Ross C},
  journal={Wiley Interdisciplinary Reviews: Computational Molecular Science},
  volume={3},
  number={2},
  pages={198--210},
  year={2013},
  publisher={Wiley Online Library}
}

@article{brooks2009charmm,
  title={CHARMM: the biomolecular simulation program},
  author={Brooks, Bernard R and Brooks III, Charles L and Mackerell Jr, Alexander D and Nilsson, Lennart and Petrella, Robert J and Roux, Beno{\^\i}t and Won, Youngdo and Archontis, Georgios and Bartels, Christian and Boresch, Stefan and others},
  journal={Journal of computational chemistry},
  volume={30},
  number={10},
  pages={1545--1614},
  year={2009},
  publisher={Wiley Online Library}
}

@article{eichenberger2011gromos++,
  title={GROMOS++ software for the analysis of biomolecular simulation trajectories},
  author={Eichenberger, Andreas P and Allison, Jane R and Dolenc, Jozica and Geerke, Daan P and Horta, Bruno AC and Meier, Katharina and Oostenbrink, Chris and Schmid, Nathan and Steiner, Denise and Wang, Dongqi and others},
  journal={Journal of chemical theory and computation},
  volume={7},
  number={10},
  pages={3379--3390},
  year={2011},
  publisher={ACS Publications}
}

@article{dorn2014three,
  title={Three-dimensional protein structure prediction: Methods and computational strategies},
  author={Dorn, M{\'a}rcio and e Silva, Mariel Barbachan and Buriol, Luciana S and Lamb, Luis C},
  journal={Computational biology and chemistry},
  volume={53},
  pages={251--276},
  year={2014},
  publisher={Elsevier}
}

@incollection{vlachakis2014current,
  title={Current state-of-the-art molecular dynamics methods and applications},
  author={Vlachakis, Dimitrios and Bencurova, Elena and Papangelopoulos, Nikitas and Kossida, Sophia},
  booktitle={Advances in Protein Chemistry and Structural Biology},
  volume={94},
  pages={269--313},
  year={2014},
  publisher={Elsevier},
  address={New York, USA}
}

@article{li1987monte,
  title={Monte Carlo-minimization approach to the multiple-minima problem in protein folding},
  author={Li, Zhenqin and Scheraga, Harold A},
  journal={Proceedings of the National Academy of Sciences},
  volume={84},
  number={19},
  pages={6611--6615},
  year={1987},
  publisher={National Acad Sciences}
}

@inproceedings{olson2012efficient,
  title={Efficient basin hopping in the protein energy surface},
  author={Olson, Brian and Shehu, Amarda},
  booktitle={Bioinformatics and Biomedicine (BIBM), 2012 IEEE International Conference on},
  pages={1--6},
  year={2012},
  organization={IEEE},
  address={USA}
}

@article{prentiss2008protein,
  title={Protein structure prediction using basin-hopping},
  author={Prentiss, Michael C and Wales, David J and Wolynes, Peter G},
  journal={The Journal of chemical physics},
  volume={128},
  number={22},
  pages={06B608},
  year={2008},
  publisher={AIP}
}

@article{ramyachitra2017modcsa,
  title={MODCSA-CA: A multi objective diversity controlled self adaptive cuckoo algorithm for protein structure prediction},
  author={Ramyachitra, D and Ajeeth, A},
  journal={Gene Reports},
  volume={8},
  pages={100--106},
  year={2017},
  publisher={Elsevier}
}

@article{li2015balance,
  title={A balance-evolution artificial bee colony algorithm for protein structure optimization based on a three-dimensional AB off-lattice model},
  author={Li, Bai and Chiong, Raymond and Lin, Mu},
  journal={Computational biology and chemistry},
  volume={54},
  pages={1--12},
  year={2015},
  publisher={Elsevier}
}

@inproceedings{geng2017protein,
  title={A protein structure refinement method using bi-objective particle swarm optimization algorithm},
  author={Geng, Ling and Shen, Hongbin},
  booktitle={Image and Signal Processing, BioMedical Engineering and Informatics (CISP-BMEI), 2017 10th International Congress on},
  pages={1--5},
  year={2017},
  organization={IEEE},
  address={Shanghai, China}
}

@article{hao2017conformational,
  title={Conformational Space Sampling Method Using Multi-Subpopulation Differential Evolution for De novo Protein Structure Prediction},
  author={Hao, Xiao-Hu and Zhang, Gui-Jun and Zhou, Xiao-Gen},
  journal={IEEE transactions on nanobioscience},
  volume={16},
  number={7},
  pages={618--633},
  year={2017},
  publisher={IEEE}
}

@inproceedings{higgs2010genetic,
  title={Genetic algorithm feature-based resampling for protein structure prediction},
  author={Higgs, Trent and Stantic, Bela and Hoque, Md Tamjidul and Sattar, Abdul},
  booktitle={Evolutionary Computation (CEC), 2010 IEEE Congress on},
  pages={1--8},
  year={2010},
  organization={IEEE},
  address={Barcelona, Spain}
}

@article{moult2018critical,
  title={Critical assessment of methods of protein structure prediction (CASP)â€”Round XII},
  author={Moult, John and Fidelis, Krzysztof and Kryshtafovych, Andriy and Schwede, Torsten and Tramontano, Anna},
  journal={Proteins: Structure, Function, and Bioinformatics},
  volume={86},
  pages={7--15},
  year={2018},
  publisher={Wiley Online Library}
}

@book{leach2001molecular,
  title={Molecular modelling: principles and applications},
  author={Leach, Andrew R},
  year={2001},
  publisher={Pearson education},
  address={London, United Kingdom} 
}

@book{olariu2005handbook,
  title={Handbook of bioinspired algorithms and applications},
  author={Olariu, Stephan and Zomaya, Albert Y},
  year={2005},
  publisher={Chapman and Hall/CRC},
  address={United Kingdom}
}

@article{mahale2012survey,
  title={A survey: evolutionary and swarm based bio-inspired optimization algorithms},
  author={Mahale, Rashmi A and Chavan, SD},
  journal={International Journal of Scientific and Research Publications},
  volume={2},
  number={12},
  pages={1--6},
  year={2012},
  publisher={Citeseer}
}

@article{chatterjee1996genetic,
  title={Genetic algorithms and traveling salesman problems},
  author={Chatterjee, Sangit and Carrera, Cecilia and Lynch, Lucy A},
  journal={European journal of operational research},
  volume={93},
  number={3},
  pages={490--510},
  year={1996},
  publisher={Elsevier}
}

@article{costa1995embedding,
  title={Embedding a sequential procedure within an evolutionary algorithm for coloring problems in graphs},
  author={Costa, Daniel and Hertz, Alain and Dubuis, Clivier},
  journal={Journal of heuristics},
  volume={1},
  number={1},
  pages={105--128},
  year={1995},
  publisher={Springer}
}

@article{calegari1997parallel,
  title={Parallel island-based genetic algorithm for radio network design},
  author={Cal{\'e}gari, Patrice and Guidec, Fr{\'e}d{\'e}ric and Kuonen, Pierre and Kobler, Daniel},
  journal={Journal of Parallel and Distributed Computing},
  volume={47},
  number={1},
  pages={86--90},
  year={1997}
}

@article{swaminathan1999bandwidth,
  title={Bandwidth-demand prediction in virtual path in ATM networks using genetic algorithms},
  author={Swaminathan, N and Srinivasan, Jagannathan and Raghavan, SV},
  journal={Computer Communications},
  volume={22},
  number={12},
  pages={1127--1135},
  year={1999},
  publisher={Elsevier}
}

@inproceedings{li1996economic,
  title={Economic environmental dispatch made easy with hybrid genetic algorithms},
  author={Li, F and Morgan, R and Williams, D},
  booktitle={Proceedings of the International Conference on Electrical Engineering},
  volume={2},
  pages={965--969},
  year={1996},
  address={Saidi, Morocco}
}

@article{wehrens1993hips,
  title={Hips, a hybrid self-adapting expert-system for nuclear-magnetic-resonance spectrum interpretation using genetic algorithms},
  author={Wehrens, Ron and Lucasius, C and Buydens, L and Kateman, Gerrit},
  year={1993}
}

@inproceedings{cotta2002inferring,
  title={Inferring phylogenetic trees using evolutionary algorithms},
  author={Cotta, Carlos and Moscato, Pablo},
  booktitle={International Conference on Parallel Problem Solving from Nature},
  pages={720--729},
  year={2002},
  organization={Springer},
  address={Malaga, Spain}
}

@article{holland1992genetic,
  title={Genetic algorithms},
  author={Holland, John H},
  journal={Scientific american},
  volume={267},
  number={1},
  pages={66--73},
  year={1992},
  publisher={JSTOR}
}

@incollection{michalewicz1996evolution,
  title={Evolution strategies and other methods},
  author={Michalewicz, Zbigniew},
  booktitle={Genetic Algorithms+ Data Structures= Evolution Programs},
  pages={159--177},
  year={1996},
  publisher={Springer},
  address={Berlin, Germany}
}

@book{koza1992genetic,
  title={Genetic programming II, automatic discovery of reusable subprograms},
  author={Koza, John R},
  year={1992},
  publisher={MIT Press, Cambridge, MA},
  address={USA}
}

@article{yao1996fast,
  title={Fast Evolutionary Programming.},
  author={Yao, Xin and Liu, Yong},
  journal={Evolutionary Programming},
  volume={3},
  pages={451--460},
  year={1996}
}

@article{storn1997differential,
  title={Differential evolution--a simple and efficient heuristic for global optimization over continuous spaces},
  author={Storn, Rainer and Price, Kenneth},
  journal={Journal of global optimization},
  volume={11},
  number={4},
  pages={341--359},
  year={1997},
  publisher={Springer}
}

@inproceedings{yang2009firefly,
  title={Firefly algorithms for multimodal optimization},
  author={Yang, Xin-She},
  booktitle={International symposium on stochastic algorithms},
  pages={169--178},
  year={2009},
  organization={Springer},
  address={Sapporo, Japan}
}

@inproceedings{eberhart1995new,
  title={A new optimizer using particle swarm theory},
  author={Eberhart, Russell and Kennedy, James},
  booktitle={Micro Machine and Human Science, 1995. MHS'95., Proceedings of the Sixth International Symposium on},
  pages={39--43},
  year={1995},
  organization={IEEE},
  address={Nagoya, Japan}
}

@article{dorigo1997ant,
  title={Ant colony system: a cooperative learning approach to the traveling salesman problem},
  author={Dorigo, Marco and Gambardella, Luca Maria},
  journal={IEEE Transactions on evolutionary computation},
  volume={1},
  number={1},
  pages={53--66},
  year={1997},
  publisher={IEEE}
}

@article{karaboga2007powerful,
  title={A powerful and efficient algorithm for numerical function optimization: artificial bee colony (ABC) algorithm},
  author={Karaboga, Dervis and Basturk, Bahriye},
  journal={Journal of global optimization},
  volume={39},
  number={3},
  pages={459--471},
  year={2007},
  publisher={Springer}
}

@book{yang2010nature,
  title={Nature-inspired metaheuristic algorithms},
  author={Yang, Xin-She},
  year={2010},
  publisher={Luniver press},
  address={USA} 
}

@article{parpinelli18review,
  author={Parpinelli, Rafael S and Plichoski, Guilherme F and Da Silva, Renan S and Narloch, Pedro H},
  title={A Review of Technique for On-line Control of Parameters in Swarm Intelligence and Evolutionary Computation Algorithms},
  journal={International Journal of Bio-Inspired Computation ({IJBIC})},
  year={2018},
}

@inproceedings{narloch2017protein,
  title={The Protein Structure Prediction Problem Approached by a Cascade Differential Evolution Algorithm Using ROSETTA},
  author={Narloch, Pedro Henrique and Parpinelli, Rafael Stubs},
  booktitle={2017 Brazilian Conference on Intelligent Systems (BRACIS)},
  pages={294--299},
  year={2017},
  organization={IEEE},
  address={Uberlandia, Brazil}
}

@article{karafotias2015parameter,
  title={Parameter control in evolutionary algorithms: Trends and challenges},
  author={Karafotias, Giorgos and Hoogendoorn, Mark and Eiben, {\'A}goston E},
  journal={IEEE Transactions on Evolutionary Computation},
  volume={19},
  number={2},
  pages={167--187},
  year={2015},
  publisher={IEEE}
}

@article{huang2013improved,
  title={An improved differential evolution algorithm based on adaptive parameter},
  author={Huang, Zhehuang and Chen, Yidong},
  journal={Journal of Control Science and Engineering},
  volume={2013},
  pages={3},
  year={2013},
  publisher={Hindawi Publishing Corp.}
}

@article{dragoi2013optimization,
  title={Optimization methodology based on neural networks and self-adaptive differential evolution algorithm applied to an aerobic fermentation process},
  author={Dragoi, Elena-Niculina and Curteanu, Silvia and Galaction, Anca-Irina and Cascaval, Dan},
  journal={Applied Soft Computing},
  volume={13},
  number={1},
  pages={222--238},
  year={2013},
  publisher={Elsevier}
}

@article{kovavcevic2014vns,
  title={DE-VNS: Self-adaptive Differential Evolution with crossover neighborhood search for continuous global optimization},
  author={Kova{\v{c}}evi{\'c}, Darko and Mladenovi{\'c}, Nenad and Petrovi{\'c}, Bratislav and Milo{\v{s}}evi{\'c}, Pavle},
  journal={Computers \& Operations Research},
  volume={52},
  pages={157--169},
  year={2014},
  publisher={Elsevier}
}

@article{ali2004population,
  title={Population set-based global optimization algorithms: some modifications and numerical studies},
  author={Ali, Montaz M and T{\"o}rn, A},
  journal={Computers \& Operations Research},
  volume={31},
  number={10},
  pages={1703--1725},
  year={2004},
  publisher={Elsevier}
}

@article{qin2009differential,
  title={Differential evolution algorithm with strategy adaptation for global numerical optimization},
  author={Qin, A Kai and Huang, Vicky Ling and Suganthan, Ponnuthurai N},
  journal={IEEE transactions on Evolutionary Computation},
  volume={13},
  number={2},
  pages={398--417},
  year={2009},
  publisher={IEEE}
}

@inproceedings{qin2005self,
  title={Self-adaptive differential evolution algorithm for numerical optimization},
  author={Qin, A Kai and Suganthan, Ponnuthurai N},
  booktitle={Evolutionary Computation, 2005. The 2005 IEEE Congress on},
  volume={2},
  pages={1785--1791},
  year={2005},
  organization={IEEE},
  address={Edinburgh, Scotland}
}

@article{wang2011differential,
  title={Differential evolution with composite trial vector generation strategies and control parameters},
  author={Wang, Yong and Cai, Zixing and Zhang, Qingfu},
  journal={IEEE Transactions on Evolutionary Computation},
  volume={15},
  number={1},
  pages={55--66},
  year={2011},
  publisher={IEEE}
}

@inproceedings{molina2018shade,
  title={SHADE with Iterative Local Search for Large-Scale Global Optimization},
  author={Molina, Daniel and LaTorre, Antonio and Herrera, Francisco},
  booktitle={2018 IEEE Congress on Evolutionary Computation (CEC)},
  pages={1--8},
  year={2018},
  organization={IEEE},
  address={Rio de Janeiro, Brazil}
}

@article{brest2006self,
  title={Self-adapting control parameters in differential evolution: A comparative study on numerical benchmark problems},
  author={Brest, Janez and Greiner, Sao and Boskovic, Borko and Mernik, Marjan and Zumer, Viljem},
  journal={IEEE transactions on evolutionary computation},
  volume={10},
  number={6},
  pages={646--657},
  year={2006},
  publisher={IEEE}
}

@inproceedings{tanabe2013evaluating,
  title={Evaluating the performance of SHADE on CEC 2013 benchmark problems},
  author={Tanabe, Ryoji and Fukunaga, Alex},
  booktitle={Evolutionary Computation (CEC), 2013 IEEE Congress on},
  pages={1952--1959},
  year={2013},
  organization={IEEE},
  address={Cancun, Mexico}
}

@article{sudha2015protein,
  title={Protein structure prediction using diversity controlled self-adaptive differential evolution with local search},
  author={Sudha, Sudha and Baskar, S and Amali, S Miruna Joe and Krishnaswamy, S},
  journal={Soft Computing},
  volume={19},
  number={6},
  pages={1635--1646},
  year={2015},
  publisher={Springer}
}

@article{anfinsen1973principles,
  title={Principles that govern the folding of protein chains},
  author={Anfinsen, Christian B},
  journal={Science},
  volume={181},
  number={4096},
  pages={223--230},
  year={1973},
  publisher={JSTOR}
}

@article{garza2016generating,
  title={Generating, maintaining, and exploiting diversity in a memetic algorithm for protein structure prediction},
  author={Garza-Fabre, Mario and Kandathil, Shaun M and Handl, Julia and Knowles, Joshua and Lovell, Simon C},
  journal={Evolutionary computation},
  volume={24},
  number={4},
  pages={577--607},
  year={2016},
  publisher={MIT Press}
}

@article{correa2016memetic,
  title={A Memetic Algorithm for 3-D Protein Structure Prediction Problem},
  author={Correa, Leonardo and Borguesan, Bruno and Farfan, Camilo and Inostroza-Ponta, Mario and Dorn, Marcio},
  journal={IEEE/ACM transactions on computational biology and bioinformatics},
  year={2016},
  publisher={IEEE}
}

@article{de2018three,
  title={Three-dimensional protein structure prediction based on memetic algorithms},
  author={de Lima Corr{\^e}a, Leonardo and Borguesan, Bruno and Krause, Mathias J and Dorn, M{\'a}rcio},
  journal={Computers \& Operations Research},
  volume={91},
  pages={160--177},
  year={2018},
  publisher={Elsevier}
}

@article{silva2018multistage,
  title={A Multistage Simulated Annealing for Protein Structure Prediction Using Rosetta},
  author={Silva, Renan S and Parpinelli, Rafael Stubs},
  journal={Anais do Computer on the Beach},
  pages={850--859},
  year={2018}
}

@inproceedings{narloch2016diversification,
  title={Diversification Strategies in Differential Evolution Algorithm to Solve the Protein Structure Prediction Problem},
  author={Narloch, Pedro Henrique and Parpinelli, Rafael Stubs},
  booktitle={International Conference on Intelligent Systems Design and Applications},
  pages={125--134},
  year={2016},
  organization={Springer},
  address={Porto, Portugal}
}

@article{simoncini2017balancing,
  title={Balancing exploration and exploitation in population-based sampling improves fragment-based de novo protein structure prediction},
  author={Simoncini, David and Schiex, Thomas and Zhang, Kam YJ},
  journal={Proteins: Structure, Function, and Bioinformatics},
  volume={85},
  number={5},
  pages={852--858},
  year={2017},
  publisher={Wiley Online Library}
}

@article{dunbrack1993backbone,
  title={Backbone-dependent rotamer library for proteins application to side-chain prediction},
  author={Dunbrack Jr, Roland L and Karplus, Martin},
  journal={Journal of molecular biology},
  volume={230},
  number={2},
  pages={543--574},
  year={1993},
  publisher={Elsevier}
}

@article{alford2017rosetta,
  title={The Rosetta all-atom energy function for macromolecular modeling and design},
  author={Alford, Rebecca F and Leaver-Fay, Andrew and Jeliazkov, Jeliazko R and Oâ€™Meara, Matthew J and DiMaio, Frank P and Park, Hahnbeom and Shapovalov, Maxim V and Renfrew, P Douglas and Mulligan, Vikram K and Kappel, Kalli and others},
  journal={Journal of chemical theory and computation},
  volume={13},
  number={6},
  pages={3031--3048},
  year={2017},
  publisher={ACS Publications}
}

@article{kim2009sampling,
  title={Sampling bottlenecks in de novo protein structure prediction},
  author={Kim, David E and Blum, Ben and Bradley, Philip and Baker, David},
  journal={Journal of molecular biology},
  volume={393},
  number={1},
  pages={249--260},
  year={2009},
  publisher={Elsevier}
}

@article{gunn1997sampling,
  title={Sampling protein conformations using segment libraries and a genetic algorithm},
  author={Gunn, John R},
  journal={The Journal of chemical physics},
  volume={106},
  number={10},
  pages={4270--4281},
  year={1997},
  publisher={AIP}
}

@article{domon2006mass,
  title={Mass spectrometry and protein analysis},
  author={Domon, Bruno and Aebersold, Ruedi},
  journal={science},
  volume={312},
  number={5771},
  pages={212--217},
  year={2006},
  publisher={American Association for the Advancement of Science}
}

@misc{covey1999protein,
  title={Protein sequencing by mass spectrometry},
  author={Covey, Thomas R and Huang, Eric and Henion, Jack},
  year={1999},
  month=sep # "~14",
  publisher={Google Patents},
  note={US Patent 5,952,653},
  address={USA}
}

@article{edman1967protein,
  title={A protein sequenator},
  author={Edman, Pehr and Begg, Geoffrey},
  journal={European Journal of Biochemistry},
  volume={1},
  number={1},
  pages={80--91},
  year={1967},
  publisher={Wiley Online Library}
}

@incollection{guntert2004automated,
  title={Automated NMR structure calculation with CYANA},
  author={G{\"u}ntert, Peter},
  booktitle={Protein NMR Techniques},
  pages={353--378},
  year={2004},
  publisher={Springer},
  address={Berlin, Germany}
}

@article{mahdavi2015metaheuristics,
  title={Metaheuristics in large-scale global continues optimization: A survey},
  author={Mahdavi, Sedigheh and Shiri, Mohammad Ebrahim and Rahnamayan, Shahryar},
  journal={Information Sciences},
  volume={295},
  pages={407--428},
  year={2015},
  publisher={Elsevier}
}

@article{kar2016bio,
  title={Bio inspired computing--A review of algorithms and scope of applications},
  author={Kar, Arpan Kumar},
  journal={Expert Systems with Applications},
  volume={59},
  pages={20--32},
  year={2016},
  publisher={Elsevier}
}

@article{blum2011hybrid,
  title={Hybrid metaheuristics in combinatorial optimization: A survey},
  author={Blum, Christian and Puchinger, Jakob and Raidl, G{\"u}nther R and Roli, Andrea},
  journal={Applied Soft Computing},
  volume={11},
  number={6},
  pages={4135--4151},
  year={2011},
  publisher={Elsevier}
}

@article{frishman1995knowledge,
  title={Knowledge-based protein secondary structure assignment},
  author={Frishman, Dmitrij and Argos, Patrick},
  journal={Proteins: Structure, Function, and Bioinformatics},
  volume={23},
  number={4},
  pages={566--579},
  year={1995},
  publisher={Wiley Online Library}
}

@article{kaufmann2010practically,
  title={Practically useful: what the Rosetta protein modeling suite can do for you},
  author={Kaufmann, Kristian W and Lemmon, Gordon H and DeLuca, Samuel L and Sheehan, Jonathan H and Meiler, Jens},
  journal={Biochemistry},
  volume={49},
  number={14},
  pages={2987--2998},
  year={2010},
  publisher={ACS Publications}
}

@incollection{rohl2004protein,
  title={Protein structure prediction using Rosetta},
  author={Rohl, Carol A and Strauss, Charlie EM and Misura, Kira MS and Baker, David},
  booktitle={Methods in enzymology},
  volume={383},
  pages={66--93},
  year={2004},
  publisher={Elsevier},
  address={New York, USA}
}

@incollection{lee2017ab,
  title={Ab initio protein structure prediction},
  author={Lee, Jooyoung and Freddolino, Peter L and Zhang, Yang},
  booktitle={From protein structure to function with bioinformatics},
  pages={3--35},
  year={2017},
  publisher={Springer},
  address={Berlin, Germany}
}

@book{nelson2008lehninger,
  title={Lehninger principles of biochemistry},
  author={Nelson, David L and Lehninger, Albert L and Cox, Michael M},
  year={2008},
  publisher={Macmillan},
  address={Berlin, Germany}
}

@article{dijkstra1959dijkstra,
  title={Dijkstraâ€™s algorithm},
  author={Dijkstra, E},
  journal={Dutch scientist Dr. Edsger Dijkstra network algorithm: http://en. wikipedia. org/wiki/Dijkstra's\_algorithm},
  year={1959}
}

@article{hart1968formal,
  title={A formal basis for the heuristic determination of minimum cost paths},
  author={Hart, Peter E and Nilsson, Nils J and Raphael, Bertram},
  journal={IEEE transactions on Systems Science and Cybernetics},
  volume={4},
  number={2},
  pages={100--107},
  year={1968},
  publisher={IEEE}
}

@article{feo1995greedy,
  title={Greedy randomized adaptive search procedures},
  author={Feo, Thomas A and Resende, Mauricio GC},
  journal={Journal of global optimization},
  volume={6},
  number={2},
  pages={109--133},
  year={1995},
  publisher={Springer}
}

@incollection{burke2003hyper,
  title={Hyper-heuristics: An emerging direction in modern search technology},
  author={Burke, Edmund and Kendall, Graham and Newall, Jim and Hart, Emma and Ross, Peter and Schulenburg, Sonia},
  booktitle={Handbook of metaheuristics},
  pages={457--474},
  year={2003},
  publisher={Springer},
  address={Berlin, Germany}
}

@article{kirkpatrick1983optimization,
  title={Optimization by simulated annealing},
  author={Kirkpatrick, Scott and Gelatt, C Daniel and Vecchi, Mario P},
  journal={science},
  volume={220},
  number={4598},
  pages={671--680},
  year={1983},
  publisher={American Association for the Advancement of Science}
}

@incollection{glover1998tabu,
  title={Tabu search},
  author={Glover, Fred and Laguna, Manuel},
  booktitle={Handbook of combinatorial optimization},
  pages={2093--2229},
  year={1998},
  publisher={Springer},
  address={Berlin, Germany}
}

@article{mladenovic1997variable,
  title={Variable neighborhood search},
  author={Mladenovi{\'c}, Nenad and Hansen, Pierre},
  journal={Computers \& operations research},
  volume={24},
  number={11},
  pages={1097--1100},
  year={1997},
  publisher={Elsevier}
}

@article{metropolis1949monte,
  title={The monte carlo method},
  author={Metropolis, Nicholas and Ulam, Stanislaw},
  journal={Journal of the American statistical association},
  volume={44},
  number={247},
  pages={335--341},
  year={1949},
  publisher={Taylor \& Francis}
}

@article{metropolis1953equation,
  title={Equation of state calculations by fast computing machines},
  author={Metropolis, Nicholas and Rosenbluth, Arianna W and Rosenbluth, Marshall N and Teller, Augusta H and Teller, Edward},
  journal={The journal of chemical physics},
  volume={21},
  number={6},
  pages={1087--1092},
  year={1953},
  publisher={AIP}
}

@article{hastings1970monte,
  title={Monte Carlo sampling methods using Markov chains and their applications},
  author={Hastings, W Keith},
  year={1970},
  publisher={Oxford University Press}
}

@article{gront2011generalized,
  title={Generalized fragment picking in Rosetta: design, protocols and applications},
  author={Gront, Dominik and Kulp, Daniel W and Vernon, Robert M and Strauss, Charlie EM and Baker, David},
  journal={PloS one},
  volume={6},
  number={8},
  pages={e23294},
  year={2011},
  publisher={Public Library of Science}
}

@article{iba2001extended,
  title={Extended ensemble monte carlo},
  author={Iba, Yukito},
  journal={International Journal of Modern Physics C},
  volume={12},
  number={05},
  pages={623--656},
  year={2001},
  publisher={World Scientific}
}

@article{swendsen1986replica,
  title={Replica Monte Carlo simulation of spin-glasses},
  author={Swendsen, Robert H and Wang, Jian-Sheng},
  journal={Physical review letters},
  volume={57},
  number={21},
  pages={2607},
  year={1986},
  publisher={APS}
}

@article{plichoski2018adjustable,
  title={An Adjustable Face Recognition System for Illumination Compensation Based on Differential Evolution},
  year={2018},
  author={Plichoski, Guilherme Felippe and Chidambaram, Chidambaram and Parpinelli, Rafael Stubs}
}

@article{parpinelli2002data, 
author={R. S. Parpinelli and H. S. Lopes and A. A. Freitas}, 
journal={IEEE Transactions on Evolutionary Computation}, 
title={Data mining with an ant colony optimization algorithm}, 
year={2002}, 
volume={6}, 
number={4}, 
pages={321-332}, 
keywords={data mining;pattern classification;optimisation;knowledge based systems;ant colony optimization algorithm;Ant-Miner;classification rule extraction;real ant colonies;CN2;data mining algorithm;public domain data sets;predictive accuracy;rule lists;knowledge discovery;Data mining;Ant colony optimization;Clustering algorithms;Classification algorithms;Accuracy;Machine learning;Statistics;Databases;Humans;Decision making}, 
doi={10.1109/TEVC.2002.802452}, 
ISSN={1089-778X}, 
month={Aug},}

@article{cazacu2014steel,
  title={Steel truss optimization using genetic algorithms and FEA},
  author={Cazacu, Razvan and Grama, Lucian},
  journal={Procedia Technology},
  volume={12},
  pages={339--346},
  year={2014},
  publisher={Elsevier}
}

@incollection{sayed2016bio,
  title={Bio-inspired swarm techniques for thermogram breast cancer detection},
  author={Sayed, Gehad Ismail and Soliman, Mona and Hassanien, Aboul Ella},
  booktitle={Medical Imaging in Clinical Applications},
  pages={487--506},
  year={2016},
  publisher={Springer},
  address={Berlin, Germany}
}


@article{zemla2003lga,
  title={LGA: a method for finding 3D similarities in protein structures},
  author={Zemla, Adam},
  journal={Nucleic acids research},
  volume={31},
  number={13},
  pages={3370--3374},
  year={2003},
  publisher={Oxford University Press}
}

@article{zhang2004scoring,
  title={Scoring function for automated assessment of protein structure template quality},
  author={Zhang, Yang and Skolnick, Jeffrey},
  journal={Proteins: Structure, Function, and Bioinformatics},
  volume={57},
  number={4},
  pages={702--710},
  year={2004},
  publisher={Wiley Online Library}
}

@article{shrestha2015yeast,
  title={Yeast proteinopathy models: a robust tool for deciphering the basis of neurodegeneration},
  author={Shrestha, Amit and Megeney, Lynn A},
  journal={Microbial Cell},
  volume={2},
  number={12},
  pages={458},
  year={2015},
  publisher={Shared Science Publishers}
}

@book{kihara2014protein,
  title={Protein Structure Prediction},
  author={Kihara, Daisuke},
  year={2014},
  publisher={Springer},
  address={Berlin, Germany}
}

@article{xu2012ab,
  title={Ab initio protein structure assembly using continuous structure fragments and optimized knowledge-based force field},
  author={Xu, Dong and Zhang, Yang},
  journal={Proteins: Structure, Function, and Bioinformatics},
  volume={80},
  number={7},
  pages={1715--1735},
  year={2012},
  publisher={Wiley Online Library}
}

@incollection{leaver2011rosetta3,
  title={ROSETTA3: an object-oriented software suite for the simulation and design of macromolecules},
  author={Leaver-Fay, Andrew and Tyka, Michael and Lewis, Steven M and Lange, Oliver F and Thompson, James and Jacak, Ron and Kaufman, Kristian W and Renfrew, P Douglas and Smith, Colin A and Sheffler, Will and others},
  booktitle={Methods in enzymology},
  volume={487},
  pages={545--574},
  year={2011},
  publisher={Elsevier},
  address={New York, USA}
}

@article{bradley2005toward,
  title={Toward high-resolution de novo structure prediction for small proteins},
  author={Bradley, Philip and Misura, Kira MS and Baker, David},
  journal={Science},
  volume={309},
  number={5742},
  pages={1868--1871},
  year={2005},
  publisher={American Association for the Advancement of Science}
}

@book{eiben2007parameter,
  title={Parameter control in evolutionary algorithms},
  author={Eiben, Agoston E and Michalewicz, Zbigniew and Schoenauer, Marc and Smith, James E},
  booktitle={Parameter setting in evolutionary algorithms},
  pages={19--46},
  year={2007},
  isbn = {3540694315, 9783540694311},
  edition = {1st},
  publisher = {Springer Publishing Company, Incorporated},
  address={Berlin, Germany}
}

@article{dill2008protein,
  title={The protein folding problem},
  author={Dill, Ken A and Ozkan, S Banu and Shell, M Scott and Weikl, Thomas R},
  journal={Annu. Rev. Biophys.},
  volume={37},
  pages={289--316},
  year={2008},
  publisher={Annual Reviews}
}

@article{crews1969weight,
  title={Weight, food intake, and body composition: effects of exercise and of protein deficiency},
  author={Crews 3rd, EL and Fuge, K WILLIAM and Oscai, LB and Holloszy, JO and Shank, RE},
  journal={American Journal of Physiology-Legacy Content},
  volume={216},
  number={2},
  pages={359--363},
  year={1969},
  publisher={American Physiological Society}
}

@book{garrett1999biochemistry,
  title={Biochemistry},
  year={1999},
  author={Garrett, RH and Grisham, Ch M},
  publisher={Saunderâ€™s College Publishing},
  address={New York, USA}
}

@book{tsai2003introduction,
  title={An introduction to computational biochemistry},
  author={Tsai, C Stan},
  year={2003},
  publisher={John Wiley \& Sons},
  address={New Jersey, USA}
  
}

@article{geourjon1995sopma,
  title={SOPMA: significant improvements in protein secondary structure prediction by consensus prediction from multiple alignments},
  author={Geourjon, Christophe and Deleage, Gilbert},
  journal={Bioinformatics},
  volume={11},
  number={6},
  pages={681--684},
  year={1995},
  publisher={Oxford University Press}
}

@article{siew2000maxsub,
  title={MaxSub: an automated measure for the assessment of protein structure prediction quality},
  author={Siew, Naomi and Elofsson, Arne and Rychlewski, Leszek and Fischer, Daniel},
  journal={Bioinformatics},
  volume={16},
  number={9},
  pages={776--785},
  year={2000},
  publisher={Oxford University Press}
}

@article{zhang2005tm,
  title={TM-align: a protein structure alignment algorithm based on the TM-score},
  author={Zhang, Yang and Skolnick, Jeffrey},
  journal={Nucleic acids research},
  volume={33},
  number={7},
  pages={2302--2309},
  year={2005},
  publisher={Oxford University Press}
}

@article{xu2010significant,
  title={How significant is a protein structure similarity with TM-score= 0.5?},
  author={Xu, Jinrui and Zhang, Yang},
  journal={Bioinformatics},
  volume={26},
  number={7},
  pages={889--895},
  year={2010},
  publisher={Oxford University Press}
}

@article{wuthrich1989protein,
  title={Protein structure determination in solution by nuclear magnetic resonance spectroscopy},
  author={Wuthrich, Kurt},
  journal={Science},
  volume={243},
  number={4887},
  pages={45--50},
  year={1989},
  publisher={American Association for the Advancement of Science}
}

@book{russell2016artificial,
  title={Artificial intelligence: a modern approach},
  author={Russell, Stuart J and Norvig, Peter},
  year={2016},
  publisher={Malaysia; Pearson Education Limited,},
  address={USA}
}

@inproceedings{dorigo1999ant,
  title={Ant colony optimization: a new meta-heuristic},
  author={Dorigo, Marco and Di Caro, Gianni},
  booktitle={Proceedings of the 1999 congress on evolutionary computation-CEC99 (Cat. No. 99TH8406)},
  volume={2},
  pages={1470--1477},
  year={1999},
  organization={IEEE},
  address={Washington, USA}
}

@article{cotta2009metaheuristics,
  title={Metaheuristics in bioinformatics: Dna sequencing and reconstruction},
  author={Cotta, C and Fern{\'a}ndez, A and Gallardo, J and Luque, G and Alba, E},
  journal={Optimization Techniques for Solving Complex Problems},
  pages={265--286},
  year={2009},
  publisher={John Wiley \& Sons, Inc. Hoboken, NJ, USA}
}

@book{back1996evolutionary,
  title={Evolutionary algorithms in theory and practice: evolution strategies, evolutionary programming, genetic algorithms},
  author={Back, Thomas},
  year={1996},
  publisher={Oxford university press},
  address={USA}
}

@article{mavrovouniotis2017survey,
  title={A survey of swarm intelligence for dynamic optimization: Algorithms and applications},
  author={Mavrovouniotis, Michalis and Li, Changhe and Yang, Shengxiang},
  journal={Swarm and Evolutionary Computation},
  volume={33},
  pages={1--17},
  year={2017},
  publisher={Elsevier}
}

@book{lodish2008molecular,
  title={Molecular cell biology},
  author={Lodish, Harvey and Berk, Arnold and Darnell, James E and Kaiser, Chris A and Krieger, Monty and Scott, Matthew P and Bretscher, Anthony and Ploegh, Hidde and Matsudaira, Paul and others},
  year={2008},
  publisher={Macmillan},
  address={Berlin, Germany}
}

@article{wilk1968joint,
  title={The joint assessment of normality of several independent samples},
  author={Wilk, Martin B and Shapiro, SS},
  journal={Technometrics},
  volume={10},
  number={4},
  pages={825--839},
  year={1968},
  publisher={Taylor \& Francis}
}

@article{vsidak1967rectangular,
  title={Rectangular confidence regions for the means of multivariate normal distributions},
  author={{\v{S}}id{\'a}k, Zbyn{\v{e}}k},
  journal={Journal of the American Statistical Association},
  volume={62},
  number={318},
  pages={626--633},
  year={1967},
  publisher={Taylor \& Francis}
}

@inproceedings{oliveira2017sade,
  title={SADE-SPL: A Self-Adapting Differential Evolution algorithm with a loop Structure Pattern Library for the PSP problem},
  author={Oliveira, Mariana and Borguesan, Bruno and Dorn, Marcio},
  booktitle={Evolutionary Computation (CEC), 2017 IEEE Congress on},
  pages={1095--1102},
  year={2017},
  organization={IEEE},
  Address={Donostia - San SebastiÃ¡n, Spain}
}

@article{correa2018memetic,
  title={A Memetic Algorithm for 3D Protein Structure Prediction Problem},
  author={Corr{\^e}a, Leonardo and Borguesan, Bruno and Farf{\'a}n, Camilo and Inostroza-Ponta, Mario and Dorn, M{\'a}rcio},
  journal={IEEE/ACM transactions on computational biology and bioinformatics},
  volume={15},
  number={3},
  pages={690--704},
  year={2018},
  publisher={IEEE}
}

@inproceedings{borguesan2018genetic,
  title={A Genetic Algorithm Based on Restricted Tournament Selection for the 3D-PSP Problem}, 
  author={B. Borguesan and P. H. Narloch and M. Inostroza-Ponta and M. Dorn}, 
  booktitle={2018 IEEE Congress on Evolutionary Computation (CEC)}, 
  pages={1-8}, 
  year={2018}, 
  doi={10.1109/CEC.2018.8477721}, 
  organization={IEEE},
  publisher={IEEE},
  month={July},
  address={Rio de Janeiro, Brazil}
}

@inproceedings{correa2018knowledge,
  title={A Knowledge-Based Artificial Bee Colony Algorithm for the 3-D Protein Structure Prediction Problem},
  author={Correa, Leonardo De Lima and Dorn, Marcio},
  booktitle={2018 IEEE Congress on Evolutionary Computation (CEC)},
  pages={1--8},
  year={2018},
  organization={IEEE},
  address={Rio de Janeiro, Brazil}
}

@inproceedings{silva2019self,
  title={A Self-adaptive Differential Evolution with Fragment Insertion for the Protein Structure Prediction Problem},
  author={Silva, Renan S and Parpinelli, Rafael Stubs},
  booktitle={International Workshop on Hybrid Metaheuristics},
  pages={136--149},
  year={2019},
  organization={Springer}
}

@inproceedings{hao2017double,
  title={Double estimation of distribution guided sampling algorithm for de-novo protein structure prediction},
  author={Hao, Xiaohu and Zhang, Guijun},
  booktitle={Control Conference (CCC), 2017 36th Chinese},
  pages={9853--9858},
  year={2017},
  organization={IEEE},
  address={Dalian, China}
}

@article{de2017sequential,
  title={Sequential search leads to faster, more efficient fragment-based de novo protein structure prediction},
  author={de Oliveira, Saulo HP and Law, Eleanor C and Shi, Jiye and Deane, Charlotte M},
  journal={Bioinformatics},
  volume={34},
  number={7},
  pages={1132--1140},
  year={2017},
  publisher={Oxford University Press}
}

@article{kandathil2018improved,
  title={Improved fragment-based protein structure prediction by redesign of search heuristics},
  author={Kandathil, Shaun M and Garza-Fabre, Mario and Handl, Julia and Lovell, Simon C},
  journal={Scientific reports},
  volume={8},
  number={1},
  pages={13694},
  year={2018},
  publisher={Nature Publishing Group}
}

@article{sinha2018review,
  title={A review on bilevel optimization: from classical to evolutionary approaches and applications},
  author={Sinha, Ankur and Malo, Pekka and Deb, Kalyanmoy},
  journal={IEEE Transactions on Evolutionary Computation},
  volume={22},
  number={2},
  pages={276--295},
  year={2018},
  publisher={IEEE}
}

@inproceedings{narloch2019knowledge,
  title={A Knowledge Based Self-Adaptive Differential Evolution Algorithm for Protein Structure Prediction},
  author={Narloch, Pedro H and Dorn, M{\'a}rcio},
  booktitle={International Conference on Computational Science},
  pages={87--100},
  year={2019},
  organization={Springer}
}

@article{chaudhury2010pyrosetta,
  title={PyRosetta: a script-based interface for implementing molecular modeling algorithms using Rosetta},
  author={Chaudhury, Sidhartha and Lyskov, Sergey and Gray, Jeffrey J},
  journal={Bioinformatics},
  volume={26},
  number={5},
  pages={689--691},
  year={2010},
  publisher={Oxford University Press}
}

@article{gao2018incorporation,
  title={Incorporation of solvent effect into multi-objective evolutionary algorithm for improved protein structure prediction},
  author={Gao, Shangce and Song, Shuangbao and Cheng, Jiujun and Todo, Yuki and Zhou, Mengchu},
  journal={IEEE/ACM transactions on computational biology and bioinformatics},
  volume={15},
  number={4},
  pages={1365--1378},
  year={2018},
  publisher={IEEE}
}

@inproceedings{alvarez2018protein,
  title={Protein Tertiary Structure Prediction via SVD and PSO Sampling},
  author={{\'A}lvarez, {\'O}scar and Fern{\'a}ndez-Mart{\'\i}nez, Juan Luis and Cernea, Ana and Fern{\'a}ndez-Mu{\~n}iz, Zulima and Kloczkowski, Andrzej},
  booktitle={International Conference on Bioinformatics and Biomedical Engineering},
  pages={211--220},
  year={2018},
  organization={Springer}
}

@inproceedings{varela2019crowding,
  title={Crowding Differential Evolution for Protein Structure Prediction},
  author={Varela, Daniel and Santos, Jos{\'e}},
  booktitle={International Work-Conference on the Interplay Between Natural and Artificial Computation},
  pages={193--203},
  year={2019},
  organization={Springer}
}

@article{zaman2019balancing,
  title={Balancing multiple objectives in conformation sampling to control decoy diversity in template-free protein structure prediction},
  author={Zaman, Ahmed Bin and Shehu, Amarda},
  journal={BMC bioinformatics},
  volume={20},
  number={1},
  pages={211},
  year={2019},
  publisher={BioMed Central}
}

@article{song2018adoption,
  title={Adoption of an improved PSO to explore a compound multi-objective energy function in protein structure prediction},
  author={Song, Shuangbao and Ji, Junkai and Chen, Xingqian and Gao, Shangce and Tang, Zheng and Todo, Yuki},
  journal={Applied Soft Computing},
  volume={72},
  pages={539--551},
  year={2018},
  publisher={Elsevier}
}

@article{hooke1961direct,
  title={``Direct Search'' Solution of Numerical and Statistical Problems},
  author={Hooke, Robert and Jeeves, Terry A},
  journal={Journal of the ACM (JACM)},
  volume={8},
  number={2},
  pages={212--229},
  year={1961},
  publisher={ACM}
}